
@INPROCEEDINGS{Sch-Krs-12,
    AUTHOR        = {A. Scheinker and M. Krstic},
    TITLE         = {A universal extremum seeking-based stabilizer for unknown LTV systems with unknown control directions},
    YEAR          = {2012},
    BOOKTITLE     = {American Control Conference (ACC), Montreal, Canada},
    PAGES         = {1129-1136}
}

@BOOK{Mes-Ege-10,
	Author    = {M. Mesbahi and M. Egerstedt},
	Publisher = {Princeton University Press},
	Title     = {Graph Theoretic Methods in Multiagent Networks},
	Year      = {2010}
	}			
		
@ARTICLE{Bro-14,
    AUTHOR        = {R. Brockett},
    TITLE         = {The early days of geometric nonlinear control},
    JOURNAL       = {Automatica},
    YEAR          = {2014},
    VOLUME        = {50},    
    PAGES         = {2203-2224}
}	

@inproceedings{kocijan2004gaussian,
  title={Gaussian process model based predictive control},
  author={Kocijan, Ju{\v{s}} and Murray-Smith, Roderick and Rasmussen, Carl Edward and Girard, Agathe},
  booktitle={Proceedings of the 2004 American control conference},
  volume={3},
  pages={2214--2219},
  year={2004},
  organization={IEEE}
}

@article{kabzan2019learning,
  title={Learning-based model predictive control for autonomous racing},
  author={Kabzan, Juraj and Hewing, Lukas and Liniger, Alexander and Zeilinger, Melanie N},
  journal={IEEE Robotics and Automation Letters},
  volume={4},
  number={4},
  pages={3363--3370},
  year={2019},
  publisher={IEEE}
}

@inproceedings{ostafew2014learning,
  title={Learning-based nonlinear model predictive control to improve vision-based mobile robot path-tracking in challenging outdoor environments},
  author={Ostafew, Chris J and Schoellig, Angela P and Barfoot, Timothy D},
  booktitle={2014 IEEE International Conference on Robotics and Automation (ICRA)},
  pages={4029--4036},
  year={2014},
  organization={IEEE}
}

@article{van2017online,
  title={Online constrained model-based reinforcement learning},
  author={Van Niekerk, Benjamin and Damianou, Andreas and Rosman, Benjamin S},
  year={2017},
  publisher={Association for Uncertainty in Artificial Intelligence (AUAI)}
}

@inproceedings{nguyen2009local,
  title={Local gaussian process regression for real time online model learning},
  author={Nguyen-Tuong, Duy and Peters, Jan R and Seeger, Matthias},
  booktitle={Advances in Neural Information Processing Systems},
  pages={1193--1200},
  year={2009}
}

@inproceedings{meier2014efficient,
  title={Efficient Bayesian local model learning for control},
  author={Meier, Franziska and Hennig, Philipp and Schaal, Stefan},
  booktitle={2014 IEEE/RSJ International Conference on Intelligent Robots and Systems},
  pages={2244--2249},
  year={2014},
  organization={IEEE}
}
	
@book{williams2006gaussian,
  title={Gaussian processes for machine learning},
  author={Williams, Christopher KI and Rasmussen, Carl Edward},
  volume={2},
  number={3},
  year={2006},
  publisher={MIT press Cambridge, MA}
}	
		